<?xml version="1.0" encoding="UTF-8"?><collection xmlns="http://www.loc.gov/MARC21/slim"><record><leader>00344nam--2200133-i-4500</leader><controlfield tag="001">000031179</controlfield><controlfield tag="002">20161230</controlfield><controlfield tag="005">20161230201038</controlfield><controlfield tag="008">060222s1000------------r-----000-0-eng-d</controlfield><datafield ind1=" " ind2=" " tag="080"><subfield code="a">5:1M2=R</subfield></datafield><datafield ind1=" " ind2=" " tag="245"><subfield code="a">Logica stiintei</subfield></datafield><datafield ind1=" " ind2=" " tag="260"><subfield code="a">Bucuresti, Editura Politica, 1970. 599p</subfield></datafield><datafield ind1=" " ind2=" " tag="490"><subfield code="a">Materialismul Dialectic Si Stiintele Moderne</subfield></datafield><datafield ind1=" " ind2=" " tag="852"><subfield code="a">32242</subfield></datafield></record></collection>